@inproceedings{mccallum1998comparison,
  title={A comparison of event models for naive bayes text classification},
  author={McCallum, Andrew and Nigam, Kamal and others},
  booktitle={AAAI-98 workshop on learning for text categorization},
  volume={752},
  pages={41--48},
  year={1998},
  organization={Madison, WI}
}

@misc{shala2011indoor,
	title={Indoor positioning using sensor-fusion in android devices},
	author={Shala, Ubejd and Rodriguez, Angel},
	year={2011}
}